@inproceedings{debattisti2009implementation,
  title={Implementation of a simple genetic algorithm within the cuda architecture},
  author={Debattisti, Stefano and Marlat, Nicola and Mussi, Luca and Cagnoni, Stefano},
  booktitle={The Genetic and Evolutionary Computation Conference},
  year={2009}
}

@article{shah2010gpu,
  title={GPU-accelerated genetic algorithms},
  author={Shah, Rajvi and Narayanan, P and Kothapalli, Kishore},
  journal={cvit. iiit. ac. in},
  year={2010}
}

https://www.intechopen.com/chapters/69121
https://github.com/TristanBurns/COSC7502-A4/blob/master/reduction_kernel_test.cu
https://stackoverflow.com/questions/31706599/how-to-perform-reduction-on-a-huge-2d-matrix-along-the-row-direction-using-cuda