@Book{ Luke2013Metaheuristics,
author = { Sean Luke },
title = { Essentials of Metaheuristics},
edition = { second },
year = { 2013 },
publisher = { Lulu },
}

@article{blum2003metaheuristics,
  title={Metaheuristics in combinatorial optimization: Overview and conceptual comparison},
  author={Blum, Christian and Roli, Andrea},
  journal={ACM computing surveys (CSUR)},
  volume={35},
  number={3},
  pages={268--308},
  year={2003},
  publisher={Acm New York, NY, USA}
}

@incollection{mirjalili2019genetic,
  title={Genetic algorithm},
  author={Mirjalili, Seyedali},
  booktitle={Evolutionary algorithms and neural networks},
  pages={43--55},
  year={2019},
  publisher={Springer}
}

@article{muhlenbein1991parallel,
  title={The parallel genetic algorithm as function optimizer},
  author={M{\"u}hlenbein, Heinz and Schomisch, M and Born, Joachim},
  journal={Parallel computing},
  volume={17},
  number={6-7},
  pages={619--632},
  year={1991},
  publisher={Elsevier}
}

@article{coffin2000statistical,
  title={Statistical analysis of computational tests of algorithms and heuristics},
  author={Coffin, Marie and Saltzman, Matthew J},
  journal={INFORMS Journal on Computing},
  volume={12},
  number={1},
  pages={24--44},
  year={2000},
  publisher={INFORMS}
}

@inproceedings{nowostawski1999parallel,
  title={Parallel genetic algorithm taxonomy},
  author={Nowostawski, Mariusz and Poli, Riccardo},
  booktitle={1999 Third International Conference on Knowledge-Based Intelligent Information Engineering Systems. Proceedings (Cat. No. 99TH8410)},
  pages={88--92},
  year={1999},
  organization={Ieee}
}